<?xml version="1.0" encoding="UTF-8"?><collection xmlns="http://www.loc.gov/MARC21/slim"><record><leader>00379nam--2200133-i-4500</leader><controlfield tag="001">000026502</controlfield><controlfield tag="002">20161230</controlfield><controlfield tag="005">20161230201036</controlfield><controlfield tag="008">060222s1000------------r-----000-0-eng-d</controlfield><datafield ind1=" " ind2=" " tag="080"><subfield code="a">548</subfield></datafield><datafield ind1=" " ind2=" " tag="245"><subfield code="a">International tables for cristallography. vol.4. space - group symmetry</subfield></datafield><datafield ind1=" " ind2=" " tag="260"><subfield code="a">Dordrecht, D. Reidel Publishing Company, 1987, Xvi + 878p</subfield></datafield><datafield ind1=" " ind2=" " tag="700"><subfield code="a">Hahn Theo</subfield></datafield><datafield ind1=" " ind2=" " tag="852"><subfield code="a">74807</subfield></datafield></record></collection>